@techreport{Acm:2015,
    author = {IEEE/ACM, The Joint Task Force on Computing Curricula ACM/IEEE},
    title = {Software Engineering 2014: Curriculum Guidelines for Undergraduate Degree Programs in Software Engineering},
    year = {2015},
    publisher = {ACM},
    address = {New York, NY, USA},
}

@INPROCEEDINGS{Albayrak:15,
    author={O. Albayrak},
    booktitle={IEEE/ACM 4th International Workshop on Games and Software Engineering},
    title={Instructor's Acceptance of Games Utilization in Undergraduate Software Engineering Education: A Pilot Study in Turkey},
    year={2015},
    pages={43-49},
    doi={10.1109/GAS.2015.15},
    month={May},
}

@article{Alhammad:2018,
    title = {Gamification in software engineering education: A systematic mapping},
    journal = {Journal of Systems and Software},
    volume = {141},
    pages = {131-150},
    year = {2018},
    issn = {0164-1212},
    doi = {10.1016/j.jss.2018.03.065},
    author = {M. M. Alhammad and A. M. Moreno},
}

@INPROCEEDINGS{Andriano:2011, 
    author={N. Andriano and M. G. Moyano and C. Bertoni and D. Rubio}, 
    booktitle={2011 24th IEEE-CS Conference on Software Engineering Education and Training (CSEE&T)}, 
    title={A quantitative assessment method for simulation-based e-learnings}, 
    year={2011}, 
    pages={159-168}, 
    doi={10.1109/CSEET.2011.5876083}, 
    ISSN={1093-0175}, 
    month={May},
}

@article{Baker:2005,
    title ={An experimental card game for teaching software engineering processes},
    journal ={Journal of Systems and Software},
    volume ={75},
    number ={1},
    pages ={3-16},
    year ={2005},
    issn ={0164-1212},
    doi ={10.1016/j.jss.2004.02.033},
    author ={A. Baker and E. O. Navarro and A. van der Hoek},
}

@inproceedings{Barnes:2008,
    author = {T. Barnes and E. Powell and A. Chaffin and H. Lipford},
    title = {Game2Learn: Improving the Motivation of CS1 Students},
    booktitle = {Proceedings of the 3rd International Conference on Game Development in Computer Science Education},
    year = {2008},
    isbn = {978-1-60558-057-9},
    location = {Miami, Florida},
    pages = {1-5},
    doi = {10.1145/1463673.1463674},
    publisher = {ACM},
    address = {New York, NY, USA},
} 

@ARTICLE{Battistella:2016, 
    author={P. E. Battistella and C. G. von Wangenheim}, 
    journal={IEEE Technology and Engineering Education Journal}, 
    title={Games for Teaching Computing in Higher Education – A Systematic Review}, 
    year={2016}, 
    volume={9}, 
    number={1}, 
    pages={8-30}, 
    doi={}, 
    ISSN={}, 
    publisher={},
}

@inproceedings{Bessa:2012,
    author = {B. Bessa and M. Cunha and F. Furtado},
    title = {ENGSOFT: Ferramenta para Simulação de Ambientes Reais para auxiliar o Aprendizado Baseado em Problemas (PBL) no Ensino de Engenharia de Software},
    booktitle = {XX Workshop sobre Educação em Computação (WEI)},
    year = {2012},
    month = {july},
    location = {Curitiba, PR}
}

@BOOK{Booch:2005,
  author = {G. Booch and J. Rumbaughand I. Jacobson},
  title = {The Unified Modeling Language User Guide},
  edition = {2nd},
  publisher = {Addison Wesley},
  year = {2010},
}

@ARTICLE{Caulfield:2011, 
    author={C. Caulfield and and D. Veal and S. P. Maj}, 
    journal={Modern Applied Science}, 
    title={A Systematic Survey of Games Used for Software Engineering Education}, 
    year={2011}, 
    volume={5}, 
    number={5}, 
    pages={87-104}, 
    doi={10.5539/mas.v5n5p87}, 
    ISSN={1913-1844}, 
    publisher={Canadian Center of Science and Education},
}

@ARTICLE{Caulfield:2012, 
    author={C. Caulfield and J. Xia and D. Veal and S. P. Maj}, 
    journal={Modern Applied Science}, 
    title={A Systematic Survey of Games Used for Software Engineering Education}, 
    year={2011}, 
    volume={5}, 
    number={6}, 
    pages={28-43}, 
    doi={10.5539/mas.v5n6p28}, 
    ISSN={1913-1844}, 
    publisher={Canadian Center of Science and Education},
 }

@INPROCEEDINGS{Cervantes:2016,
    author = {H. Cervantes and S. Haziyev and O. Hrytsay and R. Kazman},
    title = {Smart Decisions: An Architectural Design Game},
    booktitle = {Proceedings of the 38th International Conference on Software Engineering Companion},
    year = {2016},
    isbn = {978-1-4503-4205-6},
    location = {Austin, Texas},
    pages = {327-335},
    doi = {10.1145/2889160.2889184},
} 

@INPROCEEDINGS{Daun:2016, 
    author={M. Daun and A. Salmon and T. Weyer and K. Pohl and B. Tenbergen}, 
    booktitle={2016 IEEE 29th International Conference on Software Engineering Education and Training (CSEET)}, 
    title={Project-Based Learning with Examples from Industry in University Courses: An Experience Report from an Undergraduate Requirements Engineering Course}, 
    year={2016}, 
    pages={184-193}, 
    doi={10.1109/CSEET.2016.15}, 
    month={April},
}

@INPROCEEDINGS{Delgado:2017, 
    author={D. Delgado and A. Velasco and J. Aponte and A. Marcus}, 
    booktitle={2017 IEEE 30th Conference on Software Engineering Education and Training (CSEE&T)}, 
    title={Evolving a Project-Based Software Engineering Course: A Case Study}, 
    year={2017}, 
    pages={77-86}, 
    doi={10.1109/CSEET.2017.22}, 
}

@INPROCEEDINGS{Deterding:2011,
    author = {S. Deterding and M. Sicart and L. Nacke and K. O'Hara and D. Dixon},
    title = {Gamification. Using Game-design Elements in Non-gaming Contexts},
    booktitle = {CHI'11 Extended Abstracts on Human Factors in Computing Systems},
    year = {2011},
    isbn = {978-1-4503-0268-5},
    location = {Vancouver, BC, Canada},
    pages = {2425-2428},
    doi = {10.1145/1979742.1979575},
} 

@ARTICLE{Dicheva:2015, 
    author={D. Dicheva and C. Dichev and G. Agre and G. Angelova}, 
    journal={Educational Technology & Society}, 
    title={Gamification in Education: A Systematic Mapping Study}, 
    year={2015}, 
    volume={18}, 
    number={3}, 
    pages={75-88}, 
    doi={}, 
    ISSN={EISSN-1436-4522}, 
}

@INPROCEEDINGS{Fernandes:2016,
    author={E. Fernandes and J. Oliveira and E. Figueiredo},
    booktitle={2016 IEEE Frontiers in Education Conference (FIE)},
    title={Investigating how features of online learning support software process education},
    year={2016},
    pages={1-8},
    doi={10.1109/FIE.2016.7757681},
    month={Oct},
}

@INPROCEEDINGS{Figueiredo:2014,
    author={E. Figueiredo and J. A. Pereira and L. Garcia and L. Lourdes},
    booktitle={2014 IEEE Frontiers in Education Conference (FIE) Proceedings},
    title={On the evaluation of an open software engineering course},
    year={2014},
    pages={1-8},
    doi={10.1109/FIE.2014.7044130},
    ISSN={0190-5848},
    month={Oct},
}

@INPROCEEDINGS{Fukuyasu:2013, 
    author={N. Fukuyasu and S. Saiki and H. Igaki and S. Matsumoto and S. Kusumoto}, 
    booktitle={2013 14th ACIS International Conference on Software Engineering, Artificial Intelligence, Networking and Parallel/Distributed Computing}, 
    title={A Case Study of Cloud-Enabled Software Development PBL}, 
    year={2013}, 
    pages={499-504}, 
    doi={10.1109/SNPD.2013.4}, 
    month={July},
}

@ARTICLE{Gary:2015,
    author={K. Gary},
    journal={Computer},
    title={Project-Based Learning},
    year={2015},
    volume={48},
    number={9},
    pages={98-100},
    doi={10.1109/MC.2015.268},
    ISSN={0018-9162},
    month={Sept},
}

@INPROCEEDINGS{Hanakawa:2015, 
    author={N. Hanakawa}, 
    booktitle={2015 IEEE/ACM 37th IEEE International Conference on Software Engineering}, 
    title={Contest Based Learning with Blending Software Engineering and Business Management: For Students' High Motivation and High Practice Ability}, 
    year={2015}, 
    volume={2}, 
    pages={360-369}, 
    doi={10.1109/ICSE.2015.340}, 
    ISSN={0270-5257}, 
    month={May},
}

@INPROCEEDINGS{Harms:2016, 
    author={S. Harms and J. Hastings}, 
    booktitle={2016 IEEE Frontiers in Education Conference (FIE)}, 
    title={A cross-curricular approach to fostering innovation such as virtual reality development through student-led projects}, 
    year={2016}, 
    pages={1-9}, 
    doi={10.1109/FIE.2016.7757628}, 
    month={Oct},
}

@INPROCEEDINGS{Heikkila:2016, 
    author={V. T. Heikkilä and M. Paasivaara and C. Lassenius}, 
    booktitle={2016 IEEE/ACM 38th International Conference on Software Engineering Companion (ICSE-C)}, 
    title={Teaching University Students Kanban with a Collaborative Board Game}, 
    year={2016}, 
    pages={471-480}, 
    doi={10.1145/2889160.2889201}, 
    ISBN={978-1-4503-4205-6}, 
    month={May},
}

@INPROCEEDINGS{Jazayeri:2015, 
    author={M. Jazayeri}, 
    booktitle={2015 IEEE/ACM 37th IEEE International Conference on Software Engineering}, 
    title={Combining Mastery Learning with Project-Based Learning in a First Programming Course: An Experience Report}, 
    year={2015}, 
    pages={315-318}, 
    doi={10.1109/ICSE.2015.163}, 
    ISSN={0270-5257}, 
    month={May},
}

@ARTICLE{Kosa:2016, 
    author={M. Kosa and M. Yilmaz and R. O'Connor and P. Clarke}, 
    journal={Journal of Universal Computer Science}, 
    title={Software Engineering Education and Games: A Systematic Literature Review}, 
    year={2016}, 
    volume={22}, 
    number={12}, 
    pages={1558-1574}, 
    doi={}, 
    ISSN={0948-6968}, 
    publisher={Technische Universitaet Graz},
}

@INPROCEEDINGS{Lima:2012,
    author={T. Lima and B. Campos and R. Santos and C. Werner},
    booktitle={2012 XXXVIII Conferencia Latinoamericana En Informatica (CLEI)},
    title={UbiRE: A game for teaching requirements in the context of ubiquitous systems},
    year={2012},
    pages={1-10},
    doi={10.1109/CLEI.2012.6427140},
    month={Oct},
}

@ARTICLE{Macias:2012, 
    author={J. A. Macias}, 
    journal={IEEE Transactions on Education}, 
    title={Enhancing Project-Based Learning in Software Engineering Lab Teaching Through an E-Portfolio Approach}, 
    year={2012}, 
    volume={55}, 
    number={4}, 
    pages={502-507}, 
    doi={10.1109/TE.2012.2191787}, 
    ISSN={0018-9359}, 
    month={Nov},
}

@ARTICLE{Malik:2012,
    title={A Systematic Mapping Study on Software Engineering Education},
    author={B. Malik and  S. Zafar},
    journal={International Journal of Social, Behavioral, Educational, Economic, Business and Industrial Engineering},  
    volume={6},
    number={11},
    year={2012},
    pages={3343-3353},
    issn={eISSN:1307-6892},
    publisher={World Academy of Science, Engineering and Technology},
}

@INPROCEEDINGS{Makio:2017, 
    author={J. Mäkiö and E. Mäkiö-Marusik and E. Yablochnikov and V. Arckhipov and K. Kipriianov}, 
    booktitle={IECON 2017 - 43rd Annual Conference of the IEEE Industrial Electronics Society}, 
    title={Teaching cyber physical systems engineering}, 
    year={2017}, 
    pages={3530-3535}, 
    doi={10.1109/IECON.2017.8216597}, 
    month={Oct},
}

@INPROCEEDINGS{Marques:2014,
    author={M. R. Marques and A. Quispe and S. F. Ochoa},
    booktitle={2014 IEEE Frontiers in Education Conference (FIE) Proceedings},
    title={A systematic mapping study on practical approaches to teaching software engineering},
    year={2014},
    pages={1-8},
    doi={10.1109/FIE.2014.7044277},
    ISSN={0190-5848},
    month={Oct},
}

@ARTICLE{Marques:2017, 
    author={M. Marques and S. F. Ochoa and M. C. Bastarrica and F. J. Gutierrez}, 
    journal={IEEE Transactions on Education}, 
    title={Enhancing the Student Learning Experience in Software Engineering Project Courses}, 
    year={2018}, 
    volume={61}, 
    number={1}, 
    pages={63-73}, 
    doi={10.1109/TE.2017.2742989}, 
    ISSN={0018-9359}, 
    month={Feb},
}

@ARTICLE{Meira:2015,
    author={S. Meira},
    journal={Computação Brasil},
    title={Sistemas de Informação e Engenharia de Software – Cadê as Escolas?},
    year={2015},
    volume={28},
    pages={11-15},
    publisher = {Sociedade Brasileira de Computação},
    month={march},
}

@article{Moreno:2012,
    author = {A. M. Moreno and M. I. Sanchez-Segura and F. Medina-Dominguez and L. Carvajal},
    title = {Balancing Software Engineering Education and Industrial Needs},
    journal = {J. Syst. Softw.},
    volume = {85},
    number = {7},
    month = jul,
    year = {2012},
    pages = {1607--1620},
    publisher = {Elsevier Science Inc.},
    address = {New York, NY, USA},
} 

@INPROCEEDINGS{Navarro:2007, 
    author={E. O. Navarro and A. van der Hoek}, 
    booktitle={20th Conference on Software Engineering Education Training (CSEET'07)}, 
    title={Comprehensive Evaluation of an Educational Software Engineering Simulation Environment}, 
    year={2007}, 
    pages={195-202}, 
    doi={10.1109/CSEET.2007.14}, 
    ISSN={1093-0175}, 
    month={July},
}

@ARTICLE{Navarro:2009,
    author = {E. Navarro and A. van der Hoek},
    title = {Multi-site Evaluation of SimSE},
    journal = {SIGCSE Bull.},
    issue_date = {March 2009},
    volume = {41},
    number = {1},
    month = mar,
    year = {2009},
    issn = {0097-8418},
    pages = {326-330},
    doi = {10.1145/1539024.1508981},
}

@INPROCEEDINGS{Nguyen:2013, 
    author={D. M. Nguyen and T. V. Truong and N. B. Le}, 
    booktitle={2013 Learning and Teaching in Computing and Engineering}, title={Deployment of Capstone Projects in Software Engineering Education at Duy Tan University as Part of a University-Wide Project-Based Learning Effort}, 
    year={2013}, 
    pages={184-191}, 
    doi={10.1109/LaTiCE.2013.27}, 
    month={March},
}

@INPROCEEDINGS{Oliveira:2013, 
    author={C. D. C. Oliveira and M. E. Cintra and F. M. Mendes Neto}, 
    booktitle={8th Conference of the European Society for Fuzzy Logic and Technology (EUSFLAT 2013)}, 
    title={Learning Risk Management in Software Projects with a Serious Game Based on Intelligent Agents and Fuzzy Systems}, 
    year={2013}, 
    pages={834-839}, 
    doi={}, 
    month={},
}

@ARTICLE{Pedreira:2015,
    author={O. Pedreira and F. García and N. Brisaboa and M. Piattini},
    title={Gamification in software engineering – A systematic mapping},
    journal={Information and Software Technology},
    volume={57},
    pages={157-168},
    year={2015},
    issn={0950-5849},
    doi={10.1016/j.infsof.2014.08.007},
 }

@INPROCEEDINGS{Peixoto:2014, 
    author={D. C. C. Peixoto and R. F. Resende and C. I. P. S. Pádua}, 
    booktitle={2014 IEEE Frontiers in Education Conference (FIE) Proceedings}, 
    title={Evaluating software engineering simulation games: The UGALCO framework}, 
    year={2014}, 
    pages={1-9}, 
    doi={10.1109/FIE.2014.7044204}, 
    ISSN={0190-5848}, 
    month={Oct},
}

@inproceedings{Petersen:2007,
    author = {K. Petersen and R. Feldt and S. Mujtaba and M. Mattsson},
    title = {Systematic mapping studies in software engineering},
    booktitle = {12th International Conference on Evaluation and Assessment in Software Engineering (EASE)},
    year = {2007},
}

@article{Petri:2017,
    author = {G. Petri and C. G. von Wangenheim},
    title = {How Games for Computing Education Are Evaluated? A Systematic Literature Review},
    journal = {Computers & Education},
    volume = {107},
    number = {C},
    year = {2017},
    issn = {0360-1315},
    pages = {68-90},
    doi = {10.1016/j.compedu.2017.01.004},
    publisher = {Elsevier Science Ltd.},
} 

@article{Pfleeger:2001,
    author = {Pfleeger, Shari Lawrence and Kitchenham, Barbara A.},
    title = {Principles of Survey Research: Part 1: Turning Lemons into Lemonade},
    journal = {SIGSOFT Softw. Eng. Notes},
    issue_date = {November 2001},
    volume = {26},
    number = {6},
    month = nov,
    year = {2001},
    issn = {0163-5948},
    pages = {16--18},
    doi = {10.1145/505532.505535},
    publisher = {ACM},
    address = {New York, NY, USA},
} 

@inproceedings{Prikladnicki:2009,
  author = {R. Prikladnicki and A. B. Albuquerque and C. G. von Wangenheim and R. Cabral},
  title = {Ensino de Engenharia de Software: Desafios, Estratégias de Ensino e Lições Aprendidas},
  booktitle = {Anais do FEES09 Fórum de Educação em Engenharia de Software},
  year = {2009},
  location = {Fortaleza, CE},
}

@inproceedings{Radermacher:2014,
    author = {A. Radermacher and G. Walia and D. Knudson},
    title = {Investigating the Skill Gap Between Graduating Students and Industry Expectations},
    booktitle = {Companion Proceedings of the 36th International Conference on Software Engineering},
    year = {2014},
    isbn = {978-1-4503-2768-8},
    location = {Hyderabad, India},
    pages = {291-300},
    doi = {10.1145/2591062.2591159},
    publisher = {ACM},
    address = {New York, NY, USA},
} 

@INPROCEEDINGS{Rupakheti:2017, 
    author={C. R. Rupakheti and M. Hays and S. Mohan and S. Chenoweth and A. Stouder}, 
    booktitle={2017 IEEE 30th Conference on Software Engineering Education and Training (CSEE T)}, 
    title={On a Pursuit for Perfecting an Undergraduate Requirements Engineering Course}, 
    year={2017}, 
    pages={97-106}, 
    doi={10.1109/CSEET.2017.24}, 
    month={Nov},
}

@INPROCEEDINGS{Savi:2011, 
    author={R. Savi and C. G. v. Wangenheim and A. F. Borgatto}, 
    booktitle={2011 25th Brazilian Symposium on Software Engineering}, 
    title={A Model for the Evaluation of Educational Games for Teaching Software Engineering}, 
    year={2011}, 
    pages={194-203}, 
    doi={10.1109/SBES.2011.27}, 
    month={Sept},
}

@INPROCEEDINGS{Shuto:2016, 
    author={M. Shuto and H. Washizaki and K. Kakehi and Y. Fukazawa and S. Yamato and M. Okubo}, 
    booktitle={2016 IEEE 29th International Conference on Software Engineering Education and Training (CSEE\&T)}, 
    title={Learning Effectiveness of Team Discussions in Various Software Engineering Education Courses}, 
    year={2016}, 
    pages={227-231}, 
    doi={10.1109/CSEET.2016.31}, 
    month={April},
}

@BOOK{Sommerville:2010,
  author = {Sommerville, Ian},
  title = {Software engineering},
  edition = {9th},
  publisher = {Pearson},
  year = {2010},
}

@INPROCEEDINGS{Souza:2017,
    author={M. R. A. Souza and K. F. Constantino and L. F. Veado and E. M. L. Figueiredo},
    booktitle={2017 IEEE 30th Conference on Software Engineering Education and Training (CSEE\&T)},
    title={Gamification in Software Engineering Education: An Empirical Study},
    year={2017},
    pages={276-284},
    doi={10.1109/CSEET.2017.51},
    month={Nov},
}

@INPROCEEDINGS{Souza:2017b,
    author={M. R. A. Souza and L. Furtini Veado and R. Teles Moreira and E. Magno Lages Figueiredo and H. A. X. Costa},
    booktitle={2017 IEEE/ACM 39th International Conference on Software Engineering: Software Engineering Education and Training Track (ICSE-SEET)},
    title={Games for learning: bridging game-related education methods to software engineering knowledge areas},
    year={2017},
    pages={170-179},
    doi={10.1109/ICSE-SEET.2017.17},
    month={May},
}


@article{Souza:2018,
    title = "A systematic mapping study on game-related methods for software engineering education",
    journal = "Information and Software Technology",
    volume = "95",
    pages = "201-218",
    year = "2018",
    issn = "0950-5849",
    author = "Mauricio Ronny Almeida Souza and Lucas Veado and Renata Teles Moreira and Eduardo Figueiredo and Heitor Costa",
}


@INPROCEEDINGS{vonWangenheim:2009, 
    author={C. G. von Wangenheim and D. A. da Silva}, 
    booktitle={Anais do II Fórum de Educação em Engenharia de Software (FEES)}, 
    title={Qual Conhecimento de Engenharia de Software é Importante para um Profissional de Software?}, 
    year={2009}, 
    pages={1-8}, 
}

@ARTICLE{Warin:2016, 
    author={B. Warin and O. Talbi and C. Kolski and F. Hoogstoel}, 
    journal={IEEE Transactions on Education}, 
    title={Multi-Role Project (MRP): A New Project-Based Learning Method for STEM}, 
    year={2016}, 
    volume={59}, 
    number={2}, 
    pages={137-146}, 
    doi={10.1109/TE.2015.2462809}, 
    ISSN={0018-9359}, 
    month={May},
}

@book{Werbach:2012,
    author= {K. Werbach and D. Hunter},
    title= {For the Win: How Game Thinking Can Revolutionize Your  Business},
    publisher= {Wharton Digital Press},
    year= {2012},
    isbn= {978-1-613-63023-5},
}

@book{Wohlin:2012,
    author = {C. Wohlin and P. Runeson and M. Hst and M. C. Ohlsson and B. Regnell and A. Wessln},
    title = {Experimentation in Software Engineering},
    year = {2012},
    isbn = {9783642290435},
    publisher = {Springer Publishing Company, Incorporated},
} 

@INPROCEEDINGS{Yamada:2014, 
    author={Y. Yamada and S. Inaga and H. Washizaki and K. Kakehi and Y. Fukazawa and S. Yamato and M. Okubo and T. Kume and M. Tamaki}, 
    booktitle={2014 IEEE 27th Conference on Software Engineering Education and Training (CSEE T)}, 
    title={The impacts of personal characteristic on educational effectiveness in controlled-project based learning on software intensive systems development}, 
    year={2014}, 
    pages={119-128}, 
    doi={10.1109/CSEET.2014.6816789}, 
    ISSN={1093-0175}, 
    month={April},
}

@book{Zichermann:2011,
    author= {G. Zichermann and C. Cunningham},
    title= {Gamification by Design - Implementing Game Mechanics in Web and Mobile Apps},
    publisher= {O'Reilly},
    year= {2011},
    isbn= {978-1-449-39767-8},
}





















